<record><leader>00000cas a22000007a 4500</leader><controlfield tag="001">9956757</controlfield><controlfield tag="008">830928d18501924nyucr ne      0    0eng d</controlfield><datafield ind1=" " ind2=" " tag="010"><subfield code="a">sn 83031675 </subfield></datafield><datafield ind1=" " ind2=" " tag="040"><subfield code="a">NPU</subfield><subfield code="b">eng</subfield><subfield code="c">NPU</subfield><subfield code="d">NPX</subfield><subfield code="d">DLC</subfield><subfield code="d">NJW</subfield><subfield code="d">NYS</subfield><subfield code="d">OCL</subfield><subfield code="d">OCLCQ</subfield><subfield code="d">OCLCF</subfield><subfield code="d">OCLCO</subfield></datafield><datafield ind1="1" ind2=" " tag="029"><subfield code="a">AU@</subfield><subfield code="b">000025832435</subfield></datafield><datafield ind1=" " ind2=" " tag="042"><subfield code="a">msc</subfield></datafield><datafield ind1=" " ind2=" " tag="043"><subfield code="a">n-us-ny</subfield></datafield><datafield ind1="0" ind2="0" tag="050"><subfield code="a">Newspaper 8829-X</subfield></datafield><datafield ind1="0" ind2="0" tag="245"><subfield code="a">Tri-states union.</subfield></datafield><datafield ind1=" " ind2=" " tag="260"><subfield code="a">Port Jervis, Orange Co., N.Y. :</subfield><subfield code="b">John I. Mumford</subfield></datafield><datafield ind1=" " ind2=" " tag="300"><subfield code="a">v. ;</subfield><subfield code="c">55-60 cm.</subfield></datafield><datafield ind1=" " ind2=" " tag="310"><subfield code="a">Semiweekly,</subfield><subfield code="b">&lt;1877-1924&gt;</subfield></datafield><datafield ind1=" " ind2=" " tag="321"><subfield code="a">Weekly,</subfield><subfield code="b">&lt;1851-1876&gt;</subfield></datafield><datafield ind1="1" ind2=" " tag="362"><subfield code="a">Began with Nov. 7, 185[0] issue; ceased in 1924.</subfield><subfield code="z">Cf. Gregory, W. Amer. newspapers.</subfield></datafield><datafield ind1=" " ind2=" " tag="530"><subfield code="a">Also issued on microfilm as part of the Civil War newspapers collection.</subfield></datafield><datafield ind1=" " ind2=" " tag="580"><subfield code="a">Daily eds.: Daily union (Port Jervis, N.Y.), &lt;1874-1875&gt;; Port Jervis daily union, &lt;1877&gt;-Mar. 10, 1888; Port Jervis union, Mar. 12, 1888-&lt;Dec. 12&gt;, 1924.</subfield></datafield><datafield ind1=" " ind2=" " tag="588"><subfield code="a">Description based on: Vol. 1, no. 22 (Apr. 3, 1851).</subfield></datafield><datafield ind1=" " ind2="0" tag="651"><subfield code="a">Port Jervis (N.Y.)</subfield><subfield code="v">Newspapers.</subfield></datafield><datafield ind1=" " ind2="7" tag="655"><subfield code="a">Newspapers.</subfield><subfield code="2">fast</subfield><subfield code="0">(OCoLC)fst01423814</subfield></datafield><datafield ind1=" " ind2="7" tag="651"><subfield code="a">New York (State)</subfield><subfield code="z">Port Jervis.</subfield><subfield code="2">fast</subfield><subfield code="0">(OCoLC)fst01229106</subfield></datafield><datafield ind1=" " ind2=" " tag="752"><subfield code="a">United States</subfield><subfield code="b">New York</subfield><subfield code="c">Orange</subfield><subfield code="d">Port Jervis.</subfield></datafield><datafield ind1="1" ind2=" " tag="775"><subfield code="t">Daily union (Port Jervis, N.Y.)</subfield><subfield code="w">(OCoLC)24601169</subfield></datafield><datafield ind1="1" ind2=" " tag="775"><subfield code="t">Port Jervis daily union</subfield><subfield code="w">(DLC)sn 85025688</subfield><subfield code="w">(OCoLC)11855220</subfield></datafield><datafield ind1="1" ind2=" " tag="775"><subfield code="t">Port Jervis union</subfield><subfield code="w">(DLC)sn 91066174</subfield><subfield code="w">(OCoLC)23102496</subfield></datafield></record>